@article{lee1992modeling,
  title={Modeling and forecasting US mortality},
  author={Lee, Ronald D and Carter, Lawrence R},
  journal={Journal of the American statistical association},
  volume={87},
  number={419},
  pages={659--671},
  year={1992},
  publisher={Taylor \& Francis Group}
}

@article{giacometti2012comparison,
  title={A comparison of the Lee--Carter model and AR--ARCH model for forecasting mortality rates},
  author={Giacometti, Rosella and Bertocchi, Marida and Rachev, Svetlozar T and Fabozzi, Frank J},
  journal={Insurance: Mathematics and Economics},
  volume={50},
  number={1},
  pages={85--93},
  year={2012},
  publisher={Elsevier}
}

@article{haberman2011comparative,
  title={A comparative study of parametric mortality projection models},
  author={Haberman, Steven and Renshaw, Arthur},
  journal={Insurance: Mathematics and Economics},
  volume={48},
  number={1},
  pages={35--55},
  year={2011},
  publisher={Elsevier}
}

@book{boyd2004convexOptim,
  title={Convex Optimization},
  author={Boyd, Stephen},
  year={2004},
  publisher={Cambridge University Press}
}

@article{prekopa1971LogConcave,
  title={Logarithmic concave measures with applications to stochastic programming},
  author={Pr{\'e}kopa, Andr{\'a}s},
  journal={Acta Scientarium Mathematicarum},
  volume={32},
  pages={302--316},
  year={1971},
}

@article{prekopa1973LogConcave,
  title={On logarithmic concave measures and functions},
  author={Pr{\'e}kopa, Andr{\'a}s},
  journal={Acta Scientarium Mathematicarum},
  volume={34},
  pages={335--343},
  year={1973},
}


@article{brouhns2002poisson,
  title={A Poisson log-bilinear regression approach to the construction of projected lifetables},
  author={Brouhns, Natacha and Denuit, Michel and Vermunt, Jeroen K},
  journal={Insurance: Mathematics and Economics},
  volume={31},
  number={3},
  pages={373--393},
  year={2002},
  publisher={Elsevier}
}
@article{hunt2015structure,
  title={On the Structure and Classification of Mortality Models},
  author={Hunt, Andrew and Blake, David},
  journal={Pension Institute Working Paper},
  year={2015},
  publisher = "\url{http://www.pensions-institute.org/workingpapers/wp1506.pdf}",
}

@article{gompertz1825nature,
  title={On the nature of the function expressive of the law of human mortality, and on a new mode of determining the value of life contingencies},
  author={Gompertz, Benjamin},
  journal={Philosophical transactions of the Royal Society of London},
  pages={513--583},
  year={1825},
  publisher={JSTOR}
}

@article{goroski2007biConvex,
  title={},
  author={Goroski},
  journal={},
  pages={},
  year={2007},
  publisher={}
}


@article{currie2014fitting,
  title={On fitting generalized linear and non-linear models of mortality},
  author={Currie, Iain D},
  journal={Scandinavian Actuarial Journal},
  number={ahead-of-print},
  pages={1--28},
  year={2014},
  publisher={Taylor \& Francis}
}

@article{pedroza2006bayesian,
  title={A Bayesian forecasting model: predicting US male mortality},
  author={Pedroza, Claudia},
  journal={Biostatistics},
  volume={7},
  number={4},
  pages={530--550},
  year={2006},
  publisher={Biometrika Trust}
}

@article{aro2011user,
  title={A user-friendly approach to stochastic mortality modelling},
  author={Aro, Helena and Pennanen, Teemu},
  journal={European Actuarial Journal},
  volume={1},
  number={2},
  pages={151--167},
  year={2011},
  publisher={Springer}
}

@article{aro2015stochastic,
  title={Stochastic modelling of disability insurance in a multi-period framework},
  author={Aro, Helena and Djehiche, Boualem and L{\"o}fdahl, Bj{\"o}rn},
  journal={Scandinavian actuarial journal},
  volume={2015},
  number={1},
  pages={88--106},
  year={2015},
  publisher={Taylor \& Francis}
}

@article{hari2008estimating,
  title={Estimating the term structure of mortality},
  author={H{\'a}ri, Norbert and De Waegenaere, Anja and Melenberg, Bertrand and Nijman, Theo E},
  journal={Insurance: Mathematics and Economics},
  volume={42},
  number={2},
  pages={492--504},
  year={2008},
  publisher={Elsevier}
}

@book{durbin2012time,
  title={Time series analysis by state space methods},
  author={Durbin, James and Koopman, Siem Jan},
  number={38},
  year={2012},
  publisher={Oxford University Press}
}

@incollection{girosi2005reassessment,
  title={A reassessment of the Lee-Carter mortality forecasting method},
  author={Girosi, Federico and King, Gary},
  booktitle={Harvard University Working Paper},
  year={2005}
}

@article{girosi2007understanding,
  title={Understanding the Lee-Carter mortality forecasting method},
  author={Girosi, Federico and King, Gary},
  journal={Recuperado de http://gking. harvard. edu/files/lc. pdf},
  year={2007}
}

@ARTICLE{djehiche2014hiddenMarkov,
   author = {{Djehiche}, B. and {L{\"o}fdahl}, B.},
    title = "{A hidden Markov approach to disability insurance}",
  journal = {ArXiv e-prints},
archivePrefix = "arXiv",
   eprint = {1412.7334},
 primaryClass = "stat.AP",
 keywords = {Statistics - Applications},
     year = 2014,
    month = dec,
   adsurl = {http://adsabs.harvard.edu/abs/2014arXiv1412.7334D},
  adsnote = {Provided by the SAO/NASA Astrophysics Data System}
}

@article{yang2010modeling,
  title={Modeling longevity risks using a principal component approach: A comparison with existing stochastic mortality models},
  author={Yang, Sharon S and Yue, Jack C and Huang, Hong-Chih},
  journal={Insurance: Mathematics and Economics},
  volume={46},
  number={1},
  pages={254--270},
  year={2010},
  publisher={Elsevier}
}

@article{french2013dynamic,
  title={A dynamic factor approach to mortality modeling},
  author={French, Declan and O'Hare, Colin},
  journal={Journal of Forecasting},
  volume={32},
  number={7},
  pages={587--599},
  year={2013},
  publisher={Wiley Online Library}
}

@article{kuk1999use,
  title={The use of approximating models in Monte Carlo maximum likelihood estimation},
  author={Kuk, Anthony YC},
  journal={Statistics \& probability letters},
  volume={45},
  number={4},
  pages={325--333},
  year={1999},
  publisher={Elsevier}
}

@article{spall1992multivariate,
  title={Multivariate stochastic approximation using a simultaneous perturbation gradient approximation},
  author={Spall, James C},
  journal={Automatic Control, IEEE Transactions on},
  volume={37},
  number={3},
  pages={332--341},
  year={1992},
  publisher={IEEE}
}

@book{spall2005introduction,
  title={Introduction to stochastic search and optimization: estimation, simulation, and control},
  author={Spall, James C},
  volume={65},
  year={2005},
  publisher={John Wiley \& Sons}
}

@article{geyer1994convergence,
  title={On the convergence of Monte Carlo maximum likelihood calculations},
  author={Geyer, Charles J},
  journal={Journal of the Royal Statistical Society. Series B (Methodological)},
  pages={261--274},
  year={1994},
  publisher={JSTOR}
}

@article{byrd1995limited,
  title={A limited memory algorithm for bound constrained optimization},
  author={Byrd, Richard H and Lu, Peihuang and Nocedal, Jorge and Zhu, Ciyou},
  journal={SIAM Journal on Scientific Computing},
  volume={16},
  number={5},
  pages={1190--1208},
  year={1995},
  publisher={SIAM}
}
@inproceedings{collins2001generalization,
  title={A generalization of principal components analysis to the exponential family},
  author={Collins, Michael and Dasgupta, Sanjoy and Schapire, Robert E},
  booktitle={Advances in neural information processing systems},
  pages={617--624},
  year={2001}
}

@book{cappe2006inference,
  title={Inference in Hidden Markov Models},
  author={Capp{\'e}, O. and Moulines, E. and Ryden, T.},
  isbn={9780387289823},
  lccn={2005923551},
  series={Springer Series in Statistics},
  url={https://books.google.co.jp/books?id=4d\_oEYn8Fl0C},
  year={2006},
  publisher={Springer New York}
}

@article{kantas2015particle,
  title={On particle methods for parameter estimation in state-space models},
  author={Kantas, Nikolas and Doucet, Arnaud and Singh, Sumeetpal S and Maciejowski, Jan and Chopin, Nicolas and others},
  journal={Statistical science},
  volume={30},
  number={3},
  pages={328--351},
  year={2015},
  publisher={Institute of Mathematical Statistics}
}

@inproceedings{ranganath2014black,
  title={Black Box Variational Inference.},
  author={Ranganath, Rajesh and Gerrish, Sean and Blei, David M},
  booktitle={Proceedings of the Seventeenth International Conference on Artificial Intelligence and Statistics},
  year={2014}
}

@article{archer2015black,
  title={Black box variational inference for state space models},
  author={Archer, Evan and Park, Il Memming and Buesing, Lars and Cunningham, John and Paninski, Liam},
  journal={arXiv preprint arXiv:1511.07367},
  year={2015}
}

@article{andersson2020mortality,
  title={Mortality forecasting using a Lexis based state space model},
  author={Andersson, Patrik and Lindholm, Mathias},
  journal={},
  year={2020}
}

@article{booth2008mortality,
  title={Mortality modelling and forecasting: A review of methods},
  author={Booth, Heather and Tickle, Leonie},
  journal={Annals of actuarial science},
  volume={3},
  number={1-2},
  pages={3--43},
  year={2008},
  publisher={Cambridge University Press}
}

@article{carfora2017quantitative,
  title={A quantitative comparison of stochastic mortality models on Italian population data},
  author={Carfora, Maria Francesca and Cutillo, Luisa and Orlando, Albina},
  journal={Computational Statistics \& Data Analysis},
  volume={112},
  pages={198--214},
  year={2017},
  publisher={Elsevier}
}

@article{bingham2018pyro,
author = {Bingham, Eli and Chen, Jonathan P. and Jankowiak, Martin and Obermeyer, Fritz and
          Pradhan, Neeraj and Karaletsos, Theofanis and Singh, Rohit and Szerlip, Paul and
          Horsfall, Paul and Goodman, Noah D.},
title = {{Pyro: Deep Universal Probabilistic Programming}},
journal = {Journal of Machine Learning Research},
year = {2018}
}

@misc{hmd2018data,
year = {2022},
author = {{Human Mortality Database. University of California, Berkeley (USA), and Max Planck Institute for Demographic Research (Germany)}},
howpublished= {Available at \url{http://www.mortality.org} (downloaded on January 22, 2022)}
}

@article{de2006extending,
  title={Extending Lee--Carter mortality forecasting},
  author={De Jong, Piet and Tickle, Leonie},
  journal={Mathematical Population Studies},
  volume={13},
  number={1},
  pages={1--18},
  year={2006},
  publisher={Taylor \& Francis}
}

@article{gneiting2007strictly,
  title={Strictly proper scoring rules, prediction, and estimation},
  author={Gneiting, Tilmann and Raftery, Adrian E},
  journal={Journal of the American statistical Association},
  volume={102},
  number={477},
  pages={359--378},
  year={2007},
  publisher={Taylor \& Francis}
}

@article{nguyen2021temporal,
  title={Temporal Latent Auto-Encoder: A Method for Probabilistic Multivariate Time Series Forecasting},
  author={Nguyen, Nam and Quanz, Brian},
  journal={arXiv preprint arXiv:2101.10460},
  year={2021}
}

@inproceedings{wang2019deep,
  title={Deep factors for forecasting},
  author={Wang, Yuyang and Smola, Alex and Maddix, Danielle and Gasthaus, Jan and Foster, Dean and Januschowski, Tim},
  booktitle={International Conference on Machine Learning},
  pages={6607--6617},
  year={2019},
  organization={PMLR}
}

@article{salinas2020deepar,
  title={DeepAR: Probabilistic forecasting with autoregressive recurrent networks},
  author={Salinas, David and Flunkert, Valentin and Gasthaus, Jan and Januschowski, Tim},
  journal={International Journal of Forecasting},
  volume={36},
  number={3},
  pages={1181--1191},
  year={2020},
  publisher={Elsevier}
}

@article{rangapuram2018deep,
  title={Deep state space models for time series forecasting},
  author={Rangapuram, Syama Sundar and Seeger, Matthias W and Gasthaus, Jan and Stella, Lorenzo and Wang, Yuyang and Januschowski, Tim},
  journal={Advances in neural information processing systems},
  volume={31},
  pages={7785--7794},
  year={2018}
}

@article{plat2009stochastic,
  title={On stochastic mortality modeling},
  author={Plat, Richard},
  journal={Insurance: Mathematics and Economics},
  volume={45},
  number={3},
  pages={393--404},
  year={2009},
  publisher={Elsevier}
}